@article{chavez2014diseno,
  title={DISE{\~N}O E IMPLEMENTACI{\'O}N DE UNA PR{\'O}TESIS MIOEL{\'E}CTRICA PARA MANO},
  author={Ch{\'a}vez, MC Nancy and Murillo, TSU Jorge and Mart{\'\i}nez, MC Martha and Espinoza, MC Jorge},
  journal={ISBN, International Standard Book Number},
  year={2014}
}
@inproceedings{serrezuela2018diseno,
  title={Dise{\~n}o e implementaci{\'o}n de una pr{\'o}tesis de mano rob{\'o}tica antropom{\'o}rfica subactuada},
  author={Serrezuela, Ruthber Rodr{\'\i}guez and Trujillo, Jorge Luis Aroca and Delgado, Daniel Ricardo and Benavides, Viviana Katherine Ordo{\~n}ez and Zamora, Roberto Sagaro and Reyes, Enrique Mara{\~n}{\'o}n},
  booktitle={Memorias de Congresos UTP},
  pages={165--172},
  year={2018}
}